@Misc{adressaWiki.org,
howpublished = {\url{http://en.wikipedia.org/wiki/Adresseavisen}},
note = {Accessed 7 October, 2013},
title = {Adresseavisen},
author = {Wikipedia}
}
Follow this template:


@article{ahu61,
       author={Arrow, Kenneth J. and Leonid Hurwicz and Hirofumi Uzawa},
       title={Constraint qualifications in maximization problems},
       journal={Naval Research Logistics Quarterly},
       volume={8},
       year = 1961,
       pages = {175-191}
     }

@book{ab94,
       author = {Charalambos D. Aliprantis and Kim C. Border},
       year = {1994},
       title = {Infinite Dimensional Analysis},
       publisher = {Springer},
       address = {Berlin}
     }

@incollection{m85,
       author={Maskin, Eric S.},
       year={1985},
       title={The theory of implementation in {N}ash equilibrium: a survey},
       booktitle={Social Goals and Social Organization},
       editor={Leonid Hurwicz and David Schmeidler and Hugo Sonnenschein},
       pages={173-204},
       publisher={Cambridge University Press},
       addess={Cambridge}
     }